<record><leader>00000cas a2200000 a 4500</leader><controlfield tag="001">12268356</controlfield><controlfield tag="008">850716d19361942ksuwr ne      0    0eng d</controlfield><datafield ind1=" " ind2=" " tag="010"><subfield code="a">sn 85029537 </subfield></datafield><datafield ind1=" " ind2=" " tag="040"><subfield code="a">KSH</subfield><subfield code="b">eng</subfield><subfield code="c">KSH</subfield><subfield code="d">NPT</subfield><subfield code="d">OCL</subfield><subfield code="d">OCLCQ</subfield></datafield><datafield ind1=" " ind2=" " tag="042"><subfield code="a">msc</subfield></datafield><datafield ind1="0" ind2="4" tag="245"><subfield code="a">The Empire-journal.</subfield></datafield><datafield ind1=" " ind2=" " tag="260"><subfield code="a">Osborne, Kan. :</subfield><subfield code="b">Kurtz &amp; Meadows,</subfield><subfield code="c">1936-1942.</subfield></datafield><datafield ind1=" " ind2=" " tag="300"><subfield code="a">7 v. :</subfield><subfield code="b">ill. ;</subfield><subfield code="c">56 cm.</subfield></datafield><datafield ind1=" " ind2=" " tag="310"><subfield code="a">Weekly</subfield></datafield><datafield ind1="0" ind2=" " tag="362"><subfield code="a">Vol. 55, no. 30 (Jan. 2, 1936)-v. 62, no. 22 (Oct. 29, 1942).</subfield></datafield><datafield ind1=" " ind2=" " tag="500"><subfield code="a">Published by: The Meadows, Nov. 26, 1936-July 29, 1937; Byron L. George, Aug. 5, 1937-Oct. 29, 1942.</subfield></datafield><datafield ind1=" " ind2=" " tag="752"><subfield code="a">United States</subfield><subfield code="b">Kansas</subfield><subfield code="c">Osborne</subfield><subfield code="d">Osborne.</subfield></datafield><datafield ind1="0" ind2="4" tag="780"><subfield code="t">Osborne journal (Osborne, Kan. : 1934)</subfield><subfield code="w">(DLC)sn 85029448</subfield></datafield><datafield ind1="0" ind2="4" tag="780"><subfield code="t">Alton empire</subfield><subfield code="w">(DLC)sn 85029440</subfield></datafield><datafield ind1="0" ind2="7" tag="785"><subfield code="t">Osborne County farmer (Osborne, Kan. : 1876)</subfield><subfield code="w">(DLC)sn 85029454</subfield></datafield><datafield ind1="0" ind2="7" tag="785"><subfield code="t">Osborne farmer-journal</subfield><subfield code="w">(DLC)sn 85029453</subfield></datafield></record>